% insert here your bibliography
@misc{FSG:Rules_2024_V1.1,
	author          = {},
	institution     = {{Formula Student Germany}},
	title           = {{Formula Student Rules 2024}},
	address         = {{}},
	year            = {{2024}},
	howpublished    = {\url{https://www.formulastudent.de/fileadmin/user_upload/all/2024/rules/FS-Rules_2024_v1.1.pdf}},
	note            = {{Online; abgerufen am 09.02.2024}}
}

@misc{FSCH:Handbook_2024_V1.0,
	author          = {},
	institution     = {{Formula Student Switzerland}},
	title           = {{Handbook 2024}},
	address         = {{}},
	year            = {{2024}},
	howpublished    = {\url{https://formulastudent.ch/Docs/FSCH_Handbook_2024_v1.0.pdf}},
	note            = {{Online; abgerufen am 09.02.2024}}
}

